<?xml version="1.0" encoding="UTF-8"?><collection xmlns="http://www.loc.gov/MARC21/slim"><record><leader>00332nam--2200121-i-4500</leader><controlfield tag="001">000004124</controlfield><controlfield tag="002">20161230</controlfield><controlfield tag="005">20161230201025</controlfield><controlfield tag="008">060222s1000------------r-----000-0-eng-d</controlfield><datafield ind1=" " ind2=" " tag="245"><subfield code="a">The crystaline state. optical principles of diffraction of x-ray</subfield></datafield><datafield ind1=" " ind2=" " tag="260"><subfield code="a">London, G.Bell And Sons Ltd., 1953-1955</subfield></datafield><datafield ind1=" " ind2=" " tag="700"><subfield code="a">James, R.W</subfield></datafield><datafield ind1=" " ind2=" " tag="852"><subfield code="a">82</subfield></datafield></record></collection>